@article{Casimir_1948,
   author = {Casimir, H. B. G.},
   title = {On the Attraction Between Two Perfectly Conducting Plates},
   journal = {Proc. Kon. Ned. Akad. Wet },
   volume = {51},
   pages = {793-795},
   year = {1948},
   type = {Journal Article}
}

@article{Lifshitz_1956,
author = {Lifshitz, E.M.},
year = {1956},
month = {01},
pages = {73-83},
title = {The theory of molecular attractive forces between solids},
volume = {2},
journal = {Sov. Phys. JETP}
}

@article{Gies_2006,
   author = {Gies, H. and Klingmüller, K.},
   title = {Quantum energies with worldline numerics},
   journal = {Journal of Physics A: Mathematical and General},
   volume = {39},
   number = {21},
   pages = {6415-6421},
   ISSN = {0305-4470
1361-6447},
   year = {2006},
   type = {Journal Article}
}

@article{Gies_2003,
	year = 2003,
	month = {jun},
	publisher = {Springer Science and Business Media {LLC}},
	volume = {2003},
	number = {06},
	pages = {018--018},
	author = {Holger Gies and Kurt Langfeld and Laurent Moyaerts},
	title = {Casimir effect on the worldline},
	journal = {Journal of High Energy Physics},
}

@Article{Derjaguin_1956,
author ="Derjaguin, B. V. and Abrikosova, I. I. and Lifshitz, E. M.",
title  ="Direct measurement of molecular attraction between solids separated by a narrow gap",
journal  ="Q. Rev. Chem. Soc.",
year  ="1956",
volume  ="10",
issue  ="3",
pages  ="295-329",
publisher  ="The Royal Society of Chemistry",
}

@article{Blocki_1977,
title = {Proximity forces},
journal = {Annals of Physics},
volume = {105},
number = {2},
pages = {427-462},
year = {1977},
issn = {0003-4916},
}

@article{Sparnaay_1958,
  title={Measurements of attractive forces between flat plates},
  author={ Sparnaay, M. J. },
  journal={Physica},
  volume={24},
  number={6},
  pages={751-764},
  year={1958},
}

@article{Lamoreaux_1997,
    author = "Lamoreaux, S. K.",
    title = "{Demonstration of the Casimir force in the 0.6 to 6 micrometers range}",
    journal = "Phys. Rev. Lett.",
    volume = "78",
    pages = "5--8",
    year = "1997",
    note = "[Erratum: Phys.Rev.Lett. 81, 5475--5476 (1998)]"
}

@article{Mohideen_1998,
  title={Precision Measurement of the Casimir Force from 0.1 to 0.9 microns},
  author={ Mohideen, U.  and  Roy, A. },
  journal={Physical Review Letters},
  volume={81},
  number={21},
  pages={4549-4552},
  year={1998},
}

@article{Capasso_2009,
   author = {Munday, J. N. and Capasso, Federico and Parsegian, V. Adrian},
   title = {Measured long-range repulsive Casimir–Lifshitz forces},
   journal = {Nature},
   volume = {457},
   number = {7226},
   pages = {170-173},
   ISSN = {1476-4687},
   year = {2009},
   type = {Journal Article}
}

@book{GuoShuohong_2008,
   language = {Chinese},
   author = {郭硕鸿},
   title = {电动力学},
   publisher = {高等教育出版社},
   pages = {129-131},
   ISBN = {978-7-04-023924-9},
   year = {2008},
   type = {Book},
}

@book{Lifshitz_1958,
  title={Van Der Waals Forces: a Handbook for Biologists, Chemists, Engineers, and Physicists},
  author={ Parsegian, V. A. },
  year={2005},
   pages = {283-291},
   publisher = {Cambridge University Press},
   type = {Book},
}

@article{Buks_2001,
  title = {Stiction, adhesion energy, and the Casimir effect in micromechanical systems},
  author = {Buks, E. and Roukes, M. L.},
  journal = {Phys. Rev. B},
  volume = {63},
  issue = {3},
  pages = {033402},
  numpages = {4},
  year = {2001},
  month = {Jan},
  publisher = {American Physical Society},
}

@article{Buks_2002,
title ={Casimir force changes sign},
author = {Buks, E. and M. L. Roukes},
journal = {Nature},
volume = {419},
   number = {6903},
   pages = {119-120},
   ISSN = {1476-4687},
   year = {2002},
   type = {Journal Article},
}

@article{Chumak_2004,
  title = {Effects of electrostatic fields and Casimir force on cantilever vibrations},
  author = {Chumak, A. A. and Milonni, P. W. and Berman, G. P.},
  journal = {Phys. Rev. B},
  volume = {70},
  issue = {8},
  pages = {085407},
  numpages = {9},
  year = {2004},
  month = {Aug},
  publisher = {American Physical Society},
}

@book{Krech_1994,
   author = {Michael, Krech and},
   title = {The Casimir Effect in Critical Systems},
   publisher = {World Scientific},
   year = {1947},
   pages={230},
   type = {Book}
}

@article{Qing-DongJiang_2019,
  title = {Chiral Casimir forces: Repulsive, enhanced, tunable},
  author = {Jiang, Qing-Dong and Wilczek, Frank},
  journal = {Phys. Rev. B},
  volume = {99},
  issue = {12},
  pages = {125403},
  numpages = {10},
  year = {2019},
  month = {Mar},
  publisher = {American Physical Society},
}

@article{Vandendriessche_2013,
  title={Giant Faraday Rotation in Mesogenic Organic Molecules},
  author={ Vandendriessche, S.  and  Cleuvenbergen, S. V.  and  Willot, P.  and  Hennrich, G.  and  Verbiest, T. },
  journal={Chemistry of Materials},
  volume={25},
  number={7},
  pages={1139-1143},
  year={2013},
}

@article{Crassee_2011,
  title={Giant Faraday rotation in single- and multilayer graphene},
  author={ Crassee, I.  and  Levallois, J.  and  Walter, A. L.  and  Ostler, M.  and  Bostwick, A.  and  Rotenberg, E.  and  Seyller, T.  and  Dirk, Vdm  and  Kuzmenko, A. B. },
  journal={Nature Physics},
  volume={7},
  number={1},
  pages={48-51},
  year={2011},
}

@article{Makoto_2005,
  title = {Giant Optical Activity in Quasi-Two-Dimensional Planar Nanostructures},
  author = {Kuwata-Gonokami, Makoto and Saito, Nobuyoshi and Ino, Yusuke and Kauranen, Martti and Jefimovs, Konstantins and Vallius, Tuomas and Turunen, Jari and Svirko, Yuri},
  journal = {Phys. Rev. Lett.},
  volume = {95},
  issue = {22},
  pages = {227401},
  numpages = {4},
  year = {2005},
  month = {Nov},
  publisher = {American Physical Society},
}

@article{Gies_2001,
  title={Quantum diffusion of magnetic fields in a numerical worldline approach},
  author={ Gies, H.  and  Langfeld, K. },
  journal={Nuclear Physics B},
  volume={613},
  number={1},
  pages={353-365},
  year={2001},
}

@article {Mariangela_2005,
	author = {Lisanti, Mariangela and Iannuzzi, Davide and Capasso, Federico},
	title = {Observation of the skin-depth effect on the Casimir force between metallic surfaces},
	volume = {102},
	number = {34},
	pages = {11989--11992},
	year = {2005},
	journal = {Proceedings of the National Academy of Sciences},
}

@article{Antezza_2004,
  title = {Effect of the Casimir-Polder force on the collective oscillations of a trapped Bose-Einstein condensate},
  author = {Antezza, Mauro and Pitaevskii, Lev P. and Stringari, Sandro},
  journal = {Phys. Rev. A},
  volume = {70},
  issue = {5},
  pages = {053619},
  numpages = {10},
  year = {2004},
  month = {Nov},
  publisher = {American Physical Society},
}

@article{Babb_2004,
  title = {Casimir-Polder interaction between an atom and a cavity wall under the influence of real conditions},
  author = {Babb, J. F. and Klimchitskaya, G. L. and Mostepanenko, V. M.},
  journal = {Phys. Rev. A},
  volume = {70},
  issue = {4},
  pages = {042901},
  numpages = {12},
  year = {2004},
  month = {Oct},
  publisher = {American Physical Society},
}

@article{Lamoreaux_2007,
  title={Casimir forces: Still surprising after 60 years},
  author={Lamoreaux and  Steve, K. },
  journal={Physics Today},
  volume={60},
  number={2},
  pages={40-45},
  year={2007},
}

@article{Maxwell_1874,
   author = {Clerk-Maxwell, J.},
   title = {O ver de continuiteit van den gas- en vloeistofiocstand Academisch proefschrift},
   journal = {Nature},
   volume = {10},
   number = {259},
   pages = {477-480},
   ISSN = {1476-4687},
   year = {1874},
   type = {Journal Article},
}

@article{Eisenschitz_1930,
   author = {Eisenschitz, R. and London, F.},
   title = {Über das Verhältnis der van der Waalsschen Kräfte zu den homöopolaren Bindungskräften},
   journal = {Zeitschrift für Physik},
   volume = {60},
   number = {7},
   pages = {491-527},
   ISSN = {0044-3328},
   year = {1930},
   type = {Journal Article},
}

@article{London_1930,
   author = {London, F.},
   title = {Zur Theorie und Systematik der Molekularkräfte},
   journal = {Zeitschrift für Physik},
   volume = {63},
   number = {3},
   pages = {245-279},
   ISSN = {0044-3328},
   year = {1930},
   type = {Journal Article},
}

@book{Milton_2001,
  title={The Casimir Effect},
  author={ Milton, K. A. },
  publisher={World Scientific},
  year={2001},
}

@article{deMan_2009,
  title = {Halving the Casimir force with Conductive Oxides},
  author = {de Man, S. and Heeck, K. and Wijngaarden, R. J. and Iannuzzi, D.},
  journal = {Phys. Rev. Lett.},
  volume = {103},
  issue = {4},
  pages = {040402},
  numpages = {4},
  year = {2009},
  month = {Jul},
  publisher = {American Physical Society},
}
